@online{site:Angular,
    title   = {Documentazione Angular},
    url     = {https://angular.io/}
}
@online{site:Spring,
    title   = {Documentazione Spring},
    url     = {https://spring.io/}
}
@online{site:TypeScript,
    title   = {Documentazione TypeScript},
    url     = {https://www.typescriptlang.org/}
}
@online{site:SyncLab,
    title   = {Sito ufficiale di SyncLab},
    url     = {https://www.synclab.it/}
}
